RSA and Game-theoretic pragmatics references

## RSA

@article{GoodmanStuhlmuller2013:Knowledge-and-I,
  author = {Goodman, Noah D. and Stuhlm\"{u}ller, Andreas},
  title = {Knowledge and Implicature: Modeling Language Understanding as Social Cognition},
  journal = {Topics in Cognitive Science},
  year = {2013},
  volume = {5},
  number = {1},  
  pages = {173--184},
  doi = {10.1111/tops.12007},
  issn = {1756-8765},
  publisher = {Wiley-Blackwell},
  address = {Hoboken, NJ},
}

@article{FrankGoodman2012:Predicting-Pragmatic-Reasoning-,
  title = {Predicting pragmatic reasoning in language games},	
  year = {2012},
  author = {Frank, Michael C. and Goodman, Noah D.},
  journal = {Science},
  volume = {336},
  number = {6084},
  pages = {998},
  publisher = {American Association for the Advancement of Science ({AAAS})}, 
  address = {Washington, DC}, 
  doi = {10.1126/science.1218633},
}

@inproceedings{BergenEtAl2012:Thats-What-She-,
  author = {Bergen, Leon and Goodman, Noah D. and Levy, Roger},
  title = {That' s what she (could have) said: How alternative utterances affect language use},
  year = {2012},
  booktitle = {{Proceedings of the 34th Annual Conference of the Cognitive Science Society}},
  editor = {Naomi Miyake and David Peebles and Richard P. Cooper},
  pages = {120--125},
  publisher = {Cognitive Science Society},
  address = {Austin, TX},
}

@inproceedings{StillerGoodman2011:Ad-Hoc-Scalar-I,
  author = {Alex Stiller and Noah D. Goodman and Michael C. Frank},
  title = {Ad-Hoc Scalar Implicature in Adults and Children},
  year = {2011},
  booktitle = {{Proceedings of the 33rd Annual Conference of the Cognitive Science Society}},
  editor = {Laura Carlson and Christoph H\"{o}lscher and Thomas F. Shipley},
  pages = {2134--2139},
  publisher = {Cognitive Science Society},
  address = {Austin, TX},
}

@inproceedings{FrankEtAl2009:Informative-Communication-in-,
  title={Informative communication in word production and word learning},
  author={Frank, Michael C. and Goodman, Noah D. and Lai, Peter and Tenenbaum, Joshua B.},
  booktitle = {{Proceedings of the 31st Annual Conference of the Cognitive Science Society}},
  year={2009},
  editor = {Taatgen, Niels and {van Rijn}, Hedderik},
  pages={1228--1233},
  publisher = {Cognitive Science Society},
  address = {Austin, TX},
}




## Game-theoretic

@article{Jager2013:Rationalizable-Signaling,
  author = {J\"{a}ger, Gerhard},
  title = {Rationalizable Signaling},
  year = {2013},
  journal = {Erkenntnis},
  volume = {79},
  number = {4}, 
  pages = {673--706},
  doi = {10.1007/s10670-013-9462-3},
  issn = {0165-0106},
  publisher = {Springer},
  address = {Dordrecht, Netherlands},
}

@incollection{FrankeJager2013:Pragmatic-Back-,
  title = {Pragmatic back-and-forth reasoning},
  author = {Michael Franke and Gerhard J{\"{a}}ger},
  year = {2014},
  booktitle = {{Semantics, Pragmatics and the Case of Scalar Implicatures}},
  editor = {Pistoia Reda, Salvatore},
  pages = {170--200},
  series = {Palgrave Studies in Pragmatics Language and Cognition},
  publisher = {Palgrave MacMillan},
  address = {New York},
  doi = {10.1057/9781137333285.0011},
}

@inproceedings{DegenFranke2012:Optimal-Reasoning-about-,
  author = {Judith Degen and Michael Franke},
  title = {Optimal reasoning about referential expressions},
  year = {2012},
  booktitle = {{Proceedings of the 16th Workshop on the Semantics and Pragmatics of Dialogue (SeineDial: SemDial 2012)}},
  pages = {2--11},
  editor = {Brown-Schmidt, Sarah and Ginzburg, Jonathan and Larsson, Staffan},
  publisher = {},
  address = {Paris, France},
  issn ={2308-2275},
}

@article{Franke2011:Quantity-Implic,
  title = {Quantity implicatures, exhaustive interpretation, and rational conversation},
  author = {Michael Franke},
  year = {2011},	
  journal = {Semantics and Pragmatics},
  volume = {4},
  number = {1},
  pages = {1--82},
  publisher = {Linguistic Society of America ({LSA})},
  address = {Washington, DC},
  doi = {10.3765/sp.4.1},
}

@incollection{Jager2007:Game-Dynamics-Connects-,
  title={Game dynamics connects semantics and pragmatics},
  author = {Gerhard J{\"{a}}ger},
  year = {2007},
  booktitle = {{Game Theory and Linguistic Meaning}},
  series = {Current Research in the Semantics/Pragmatics Interface},
  volume = {18},
  editor = {Ahti-Veikko Pietarinen},
  pages = {103--117},
  publisher = {Elsevier},
  address = {Amsterdam, Netherlands},
}


@article{BenzVanRooij2007:Optimal-Assertions-and-,
  title={Optimal assertions, and what they implicate. A uniform game theoretic approach},
  author={Benz, Anton and {van Rooij}, Robert},
  year={2007},
  journal={Topoi},
  pages={63--78},
  volume={26},
  number={1},
  publisher={Kluwer Academic Publishers},
  address = {Dordrecht, Netherlands},
  doi={10.1007/s11245-006-9007-3},
}



## Technicalities

@article{Worthy2008ratio,
  title={Ratio and difference comparisons of expected reward in decision-making tasks},
  author={Worthy, Darrell A. and Maddox, W. Todd and Markman, Arthur B.},
  journal={Memory {\&} Cognition},
  volume={36},
  number={8},
  pages={1460--1469},
  year={2008},
  issn={0090-502X},
  doi={10.3758/MC.36.8.1460},
  publisher={Springer-Verlag},
  address = {Berlin, Germany},
}
